:20:P220302000000001
:25:NL41INGB0004768578EUR
:28C:00000
:60F:C220224EUR25,19
:61:2202260226D6,41NCHGEREF//22057660609472/TRCD/09001/
:86:/EREF/1947f88a49d345f2b14999ca14dc9467//REMI/USTD//Kosten Zakelijk Betalingsverkeer   Factuurnr. 1844347395              Betreft IBAN: NL41INGB0004768578   Periode: 01-01-2022 / 31-01-2022/
:62F:C220301EUR18,78
:64:C220301EUR18,78
:65:C220302EUR18,78
:65:C220303EUR18,78
:86:/SUM/1/0/6,41/0,00/
:20:P220302000000001
:25:NL65INGB0006065036EUR
:28C:00000
:60F:C220224EUR10571,56
:61:2203010301C9,50NTRFNONREF//22060545682082/TRCD/00112/
:86:/CNTP/NL70INGB0003446431/INGBNL2A/Hr T Stoof///REMI/USTD//afbetaald 2 Thijs Stoof/
:61:2203010301C60,00NTRFNONREF//22060114239271/TRCD/00112/
:86:/CNTP/NL45ABNA0555583643/ABNANL2A/YUNUS DEMIR///REMI/USTD//Yunus Demir: BBW 2022/
:61:2203010301C6,00NTRFNONREF//22060114071889/TRCD/00112/
:86:/CNTP/NL04ASNB0782352553/ASNBNL21/F.E. Pennartz///REMI/USTD//Afbetaald 2 Flora Pennartz/
:61:2202280228C60,00NTRFEREF//22059156263986/TRCD/00100/
:86:/EREF/28-02-2022 16:23 0051100060017275//CNTP/NL10INGB0005300114/INGBNL2A/ING Bank NV Betaalverzoek///REMI/USTD//Betaling van CGL Felix NL22ASNB0706947339 BBW 2022/
:61:2202280228C60,00NTRFEREF//22059396260226/TRCD/00100/
:86:/EREF/28-02-2022 16:23 0051100060017008//CNTP/NL10INGB0005300114/INGBNL2A/ING Bank NV Betaalverzoek///REMI/USTD//Betaling van DUNCAN PELAN NL19ABNA0400251027 BBW 2022/
:61:2202280228D338,80NTRFNONREF//22059155120037/TRCD/00112/
:86:/CNTP/NL31INGB0006685769/INGBNL2A/MJ Event///REMI/USTD//Event Akhnaton 8 April 2022/
:61:2202280228C235,96NTRFEREF//22059655113513/TRCD/00100/
:86:/EREF/23030621c83a576fd37.91194298//CNTP/NL29ABNA0546842291/ABNANL2A/STG MOLLIE PAYMENTS///REMI/USTD//REF T01853341.2202.04/
:61:2202270227C60,00NTRFEREF//22058028208657/TRCD/00100/
:86:/EREF/27-02-2022 21:47 0051100059771318//CNTP/NL10INGB0005300114/INGBNL2A/ING Bank NV Betaalverzoek///REMI/USTD//Betaling van Hr D Schoppink NL24INGB0009089167 BBW 2022/
:61:2202270227C5,50NTRFNONREF//22058167467522/TRCD/00112/
:86:/CNTP/NL51RABO0157290166/RABONL2U/J. Ribbers///REMI/USTD//afbetaald 2 Jetske Ribbers/
:61:2202270227C60,00NTRFNONREF//22058266500997/TRCD/00112/
:86:/CNTP/NL97ABNA0440683394/ABNANL2A/ZM VERHEGGEN///REMI/USTD//Zara Verheggen: BBW 2022/
:61:2202270227C60,00NTRFNONREF//22058386431245/TRCD/00112/
:86:/CNTP/NL43RABO0156866323/RABONL2U/O.L. van Eck///REMI/USTD//Okke van Eck: BBW 2022/
:61:2202270227C7,50NTRFNONREF//22058555277649/TRCD/00112/
:86:/CNTP/NL93SNSB0928119122/SNSBNL2A/A.J. van der Laan///REMI/USTD//Contributie Auke van der Laan poflijst/
:61:2202270227C1,00NTRFNONREF//22058265055348/TRCD/00112/
:86:/CNTP/NL27INGB0003338177/INGBNL2A/Hr LI Schoonheid///REMI/USTD//afbetaald 2 Laszlo Schoonheid/
:61:2202260226C8,50NTRFNONREF//22057066429365/TRCD/00112/
:86:/CNTP/NL64INGB0653661789/INGBNL2A/Hr S de Boer///REMI/USTD//afbetaald 2 Sipke de Boer/
:61:2202260226D400,00NTRFNONREF//22057503942749/TRCD/02000/
:86:/REMI/USTD//CAFE DE BIECHT AMSTERDAM NLD 25-02-2022 01:01 TERMINALID: CT426225 PASVOLGNR: 047 TRANSACTIENR: P0Y516/
:61:2202260226D130,00NTRFNONREF//22057503942795/TRCD/02000/
:86:/REMI/USTD//CAFE DE BIECHT AMSTERDAM NLD 25-02-2022 02:07 TERMINALID: CT426225 PASVOLGNR: 047 TRANSACTIENR: P135F9/
:61:2202260226C0,50NTRFNONREF//22057323827019/TRCD/00112/
:86:/CNTP/NL83RABO0138408831/RABONL2U/K.T. Peeters///REMI/USTD//afbetaald 2 Kees Peeters/
:61:2202260226C8,00NTRFNONREF//22057032729923/TRCD/00112/
:86:/CNTP/NL62INGB0003909556/INGBNL2A/Hr M Cannon///REMI/USTD//afbetaald 2 Mats Cannon/
:61:2202260226D52,99NCHGEREF//22057500547291/TRCD/09001/
:86:/EREF/06991e8c2c0243d0bf0645c1684e84c1//REMI/USTD//Kosten Zakelijk Betalingsverkeer   Factuurnr. 1844347396              Betreft IBAN: NL65INGB0006065036   Periode: 01-01-2022 / 31-01-2022/
:61:2202250225C1,50NTRFNONREF//22056496667200/TRCD/00112/
:86:/CNTP/NL07INGB0702946478/INGBNL2A/Hr DFP Hoogcarspel///REMI/USTD//afbetaald 2 Daan Hoogcarspel/
:61:2202250225C6,50NTRFEREF//22056196494296/TRCD/00112/
:86:/EREF/UcZ8zOuw8Ll8z7GGYCuK1YaAaDDgTEeu//CNTP/NL58INGB0002804216/INGBNL2A/Hr ET de Cleen///REMI/USTD//Borg Inwerkweekend/
:61:2202250225C23,00NTRFNONREF//22056446118096/TRCD/00112/
:86:/CNTP/NL77ASNB0777478153/ASNBNL21/J.F. Stammes///REMI/USTD//fbetaald 2 Jasper Stammes/
:61:2202250225C11,50NTRFNONREF//22056295874297/TRCD/00112/
:86:/CNTP/NL95RABO0326262210/RABONL2U/J. Schoute///REMI/USTD//afbetaald 2 Jon Schoute/
:61:2202250225C6,00NTRFNONREF//22056495857952/TRCD/00112/
:86:/CNTP/NL81INGB0001783750/INGBNL2A/Mw ML Geurts///REMI/USTD//afbetaald 2 Madelon Geurts/
:61:2202250225C6,50NTRFEREF//22056215851186/TRCD/00100/
:86:/EREF/25-02-2022 15:14 0051100058968741//CNTP/NL10INGB0005300114/INGBNL2A/ING Bank NV Betaalverzoek///REMI/USTD//Betaling van VN VREEDE NL22ASNB0708616127 Borg Inwerkweekend/
:61:2202250225C5,50NTRFNONREF//22056475845580/TRCD/00112/
:86:/CNTP/NL22ASNB0708616127/ASNBNL21/V.N. Vreede///REMI/USTD//Afbetaald 2 Victor Vreede/
:61:2202250225C6,50NTRFEREF//22056575825025/TRCD/00112/
:86:/EREF/UcZ8zOuw8Ll8z7GGYCuK1YaAaDDgTEeu//CNTP/NL38INGB0002806128/INGBNL2A/Hr SJB Verbeek///REMI/USTD//Borg Inwerkweekend/
:61:2202250225C0,50NTRFEREF//22056185796885/TRCD/00112/
:86:/EREF/20220225160608TRIONL2UXXXE000020648//CNTP/NL43TRIO0198396953/TRIONL2U/M. Spronk///REMI/USTD//afbetaald 2 Mink Spronk/
:61:2202250225C6,50NTRFEREF//22056045426016/TRCD/00100/
:86:/EREF/25-02-2022 14:03 0051100058934760//CNTP/NL10INGB0005300114/INGBNL2A/ING Bank NV Betaalverzoek///REMI/USTD//Betaling van J. van Dijk NL71RABO0377551392 Borg Inwerkweekend/
:61:2202250225C6,50NTRFEREF//22056555408377/TRCD/00100/
:86:/EREF/25-02-2022 14:00 0051100058933318//CNTP/NL10INGB0005300114/INGBNL2A/ING Bank NV Betaalverzoek///REMI/USTD//Betaling van S. Dartee NL13RABO0156097362 Borg Inwerkweekend/
:61:2202250225C1,50NTRFNONREF//22056235361325/TRCD/00112/
:86:/CNTP/NL24INGB0753669897/INGBNL2A/Hr CL van Eck///REMI/USTD//afbetaald 2/
:61:2202250225C3,50NTRFNONREF//22056525352776/TRCD/00112/
:86:/CNTP/NL80INGB0748082077/INGBNL2A/Hr TC Goldman///REMI/USTD//afbetaald 2 Thomas Goldman/
:61:2202250225C9,50NTRFNONREF//22056115350062/TRCD/00112/
:86:/CNTP/NL15ABNA0538383852/ABNANL2A/KKM GERAEDTS HEIJMANS///REMI/USTD//Afbetaald 2 Karel Geraedts/
:61:2202250225C12,50NTRFNONREF//22056115270161/TRCD/00112/
:86:/CNTP/NL32ABNA0543666069/ABNANL2A/RM TAALMAN//
:61:2202250225C4,50NTRFNONREF//22056545242102/TRCD/00112/
:86:/CNTP/NL49INGB0004198753/INGBNL2A/Mw EKR Zwennes///REMI/USTD//Afbetaald 2 Esther Zwennes/
:61:2202250225C0,50NTRFNONREF//22056455157201/TRCD/00112/
:86:/CNTP/NL86ASNB0267351402/ASNBNL21/B.R. van der Velde///REMI/USTD//Afbetaald 2 Bram van der Velde/
:61:2202250225C6,50NTRFEREF//22056425141287/TRCD/00100/
:86:/EREF/25-02-2022 13:15 0051100058911675//CNTP/NL10INGB0005300114/INGBNL2A/ING Bank NV Betaalverzoek///REMI/USTD//Betaling van CGL Felix NL22ASNB0706947339 Borg Inwerkweekend/
:61:2202250225C4,50NTRFNONREF//22056485118759/TRCD/00112/
:86:/CNTP/NL60SNSB0852067836/SNSBNL2A/F.J. Stikkelbroeck///REMI/USTD//Afbetaald 2 Floor Stikkelbroeck/
:61:2202250225C2,00NTRFNONREF//22056125004213/TRCD/00112/
:86:/CNTP/NL74ABNA0512563233/ABNANL2A/DAVY GIJSEN///REMI/USTD//Afbetaald 2 Davy Gijsen/
:61:2202250225C24,00NTRFNONREF//22056165000954/TRCD/00112/
:86:/CNTP/NL12ASNB8831557521/ASNBNL21/M.W. van Eldijk///REMI/USTD//afbetaald 2 Melle van Eldijk/
:61:2202250225C0,50NTRFNONREF//22056534983117/TRCD/00112/
:86:/CNTP/NL32ABNA0620876808/ABNANL2A/FMT VAN LENNEP///REMI/USTD//afbetaald 2 Finnbar van Lennep/
:61:2202250225C11,50NTRFNONREF//22056054970877/TRCD/00112/
:86:/CNTP/NL33INGB0749601361/INGBNL2A/Mw S Wolvekamp///REMI/USTD//Afbetaald 2 Satine Wolvekamp/
:61:2202250225C13,00NTRFNONREF//22056234955345/TRCD/00112/
:86:/CNTP/NL12INGB0009636754/INGBNL2A/Hr CM Koningen///REMI/USTD//afbetaald 2 Christiaan Koningen/
:61:2202250225C2,50NTRFNONREF//22056034944526/TRCD/00112/
:86:/CNTP/NL41INGB0003634066/INGBNL2A/Hr WC Moltmaker///REMI/USTD//afbetaald 2 Wout Moltmaker/
:61:2202250225C5,00NTRFNONREF//22056354930913/TRCD/00112/
:86:/CNTP/NL35ABNA0485664283/ABNANL2A/ROEMER DANIEL V KILSDONK///REMI/USTD//afbetaald 2 Roemer van Kilsdonk/
:61:2202250225C5,50NTRFNONREF//22056314901720/TRCD/00112/
:86:/CNTP/NL29INGB0000182537/INGBNL2A/Hr HJ Huisman///REMI/USTD//Afbetaald 2 Hendrik Huisman/
:61:2202250225C60,00NTRFNONREF//22056484363148/TRCD/00112/
:86:/CNTP/NL73RABO0326846158/RABONL2U/P. Deken///REMI/USTD//Paulien Deken : BBW 2022/
:61:2202250225D35,00NTRFNONREF//22056513755156/TRCD/02000/
:86:/REMI/USTD//PANNENKOEKENBOOT BV AMSTERDAM 24-02-2022 18:56 TERMINALID: CT661102 PASVOLGNR: 047 TRANSACTIENR: O5F6P5/
:61:2202250225D340,05NTRFNONREF//22056513755108/TRCD/02000/
:86:/REMI/USTD//JumboOmnichannelBV Amsterdam NLD 24-02-2022 13:40 TERMINALID: 88507186 PASVOLGNR: 047 TRANSACTIENR: M6R577/
:62F:C220301EUR10164,68
:64:C220301EUR10164,68
:65:C220302EUR10164,68
:65:C220303EUR10164,68
:86:/SUM/6/43/1296,84/889,96/
